@article{Bhat:Particle_Dynamics_Barrier_height,
  AUTHOR	= "C. M. Bhat",
  TITLE		= {{Particle dynamics in storage rings with barrier rf systems}},
  JOURNAL	= "Physical Review",
  Year		= "1997"
}

@techreport{Huelsmann:SIS100_BB_TC,
  AUTHOR	= "P. Huelsmann et al.",
  TITLE		= {{SIS 100 Barrier Bucket System - Technical Concept}},
  INSTITUTION	= "GSI Darmstadt",
  YEAR		= "2015"
}

@article{Gustavsen:Vectorfitting,
  AUTHOR	= "B.Gustavsen and A. Semylen",
  TITLE		= {{Rational approximation of frequency domain responses by vector fitting}},
  JOURNAL	= "IEEE Trans. Power Delivery, vol. 14 no. 3",
  YEAR		= "1999"
  }
  
